@article{BerglerOSPOT:2019,
author = {Bergler, Christian and Schröter, Hendrik and Cheng, Rachael Xi and Barth, Volker and Weber, Michael and N\"oth, Elmar and Hofer, Heribert and Maier, Andreas},
year = {2019},
month = {7},
pages = {1--17},
title = {ORCA-SPOT: An Automatic Killer Whale Sound Detection Toolkit Using Deep Learning},
volume = {9},
journal = {Scientific Reports},
doi = {10.1038/s41598-019-47335-w}
}

@inproceedings{BerglerOCLEAN:2020,
author={Christian Bergler and Manuel Schmitt and Andreas Maier and Simeon Smeele and Volker Barth and Elmar Nöth},
title={{ORCA-CLEAN: A Deep Denoising Toolkit for Killer Whale Communication}},
year=2020,
booktitle={Proc. Interspeech 2020},
pages={1136--1140},
doi={10.21437/Interspeech.2020-1316},
}

@inproceedings{BerglerWHISPER:2022,
author={Christian Bergler and Alexander Barnhill and Dominik Perrin and Manuel Schmitt and Andreas Maier and Elmar N\"oth},
title={{ORCA-WHISPER: An Automatic Killer Whale Sound Type Generation Toolkit Using Deep Learning}},
year=2022,
booktitle={Proc. Interspeech 2022},
pages={2413--2417},
doi={10.21437/Interspeech.2022-846},
}

@article{BerglerAnimalSpot:2022,
author = {Christian Bergler and Simeon Q. Smeele and Stephen A. Tyndel and Alexander Barnhill and Sara T. Ortiz and Ammie K. Kalan and Rachael Xi Cheng and Signe Brinkl{\o}v and Anna N. Osiecka and Jakob Tougaard and Freja Jakobsen and Magnus Wahlberg and Elmar N\"oth and Andreas Maier and Barbara C. Klump},
year = {2022},
month = {12},
pages = {1--16},
title = {ANIMAL-SPOT enables animal-independent signal detection and classification using deep learning},
volume = {12},
journal = {Scientific Reports},
doi = {10.1038/s41598-022-26429-y}
}

@inproceedings{BerglerPARTY:2022,
author={Bergler, Christian and Schmitt, Manuel and Maier, Andreas and Cheng, Rachael Xi and Barth, Volker and Nöth, Elmar},
booktitle={ICASSP 2022 - 2022 IEEE International Conference on Acoustics, Speech and Signal Processing (ICASSP)}, 
title={ORCA-PARTY: An Automatic Killer Whale Sound Type Separation Toolkit Using Deep Learning}, 
year={2022},
pages={1046-1050},
doi={10.1109/ICASSP43922.2022.9746623}}

@inproceedings{BerglerLjub:2019,
author = {Bergler, Christian and Schmitt, Manuel and Cheng, Rachael Xi and Schröter, Hendrik and Maier, Andreas and Barth, Volker and Weber, Michael and N\"oth, Elmar},
booktitle = {Proc. Text, Speech, and Dialogue 2019},
doi = {10.1007/978-3-030-27947-9{\_}23},
pages = {274-286},
peerreviewed = {unknown},
publisher = {Springer},
title = {{Deep} {Representation} {Learning} for {Orca} {Call} {Type} {Classification}},
venue = {Ljubljana},
volume = {11697 LNAI},
year = {2019}
}

@inproceedings{BerglerGraz:2019,
author = {Bergler, Christian and Schmitt, Manuel and Cheng, Rachael Xi and Maier, Andreas and Barth, Volker and Nöth, Elmar},
booktitle = {Proc. Interspeech 2019},
doi = {10.21437/Interspeech.2019-1857},
pages = {3357-3361},
title = {{Deep} {Learning} for {Orca} {Call} {Type} {Identification} – {A} {Fully} {Unsupervised} {Approach}},
venue = {Graz},
year = {2019}
} 

@inproceedings{BerglerSlang:2021,
author={Christian Bergler and Manuel Schmitt and Andreas Maier and Helena Symonds and Paul Spong and Steven R. Ness and George Tzanetakis and Elmar Nöth},
title={{ORCA-SLANG: An Automatic Multi-Stage Semi-Supervised Deep Learning Framework for Large-Scale Killer Whale Call Type Identification}},
year=2021,
booktitle={Proc. Interspeech},
pages={},
doi={10.21437/Interspeech.2021-616}
}

@article{BerglerFIN:2021,
author = {Bergler, Christian and Gebhard, Alexander and Towers, Jared and Butyrev, Leonid and Sutton, Gary and Shaw, Tasli and Maier, Andreas and Noeth, Elmar},
year = {2021},
month = {12},
pages = {23480},
title = {FIN-PRINT a fully-automated multi-stage deep-learning-based framework for the individual recognition of killer whales},
volume = {11},
journal = {Scientific Reports},
doi = {10.1038/s41598-021-02506-6}
}